@online{TrackingEye,
    title = {Tracking your eyes with Python},
    url = {https://medium.com/@stepanfilonov/tracking-your-eyes-with-python-3952e66194a6},
    year = {2019},
    author = {Stepan Filonov},
    }
    
@conference{IMECSPupilCDFAnalysis,
  author    = {Mansour Asadifard and Jamshid Shanbezadeh},
  title     = "Automatic Adaptive Center of Pupil Detection Using Face Detection and CDF Analysis",
  booktitle = "Proceedings of the International MultiConference of Engineers and Computer Scientists 2010 Vol I",
  year      = 2010,
  pages     = "March 17 - 19",
  organization = "IMCES",
  address   = "Hong Kong"
}

@manual{EyePupilWebCam,
    author = "Michał Cieśla and Przemysław Kozioł",
    title = "Eye Pupil Location Using Webacam",
    organization = "Wydział Fizyki, Astronomii i Informatyki Stosowanej, Uniwersytet Jagieloński",
    address = "ul. Reymonta 4, 30-059, Kraków, Polska",
    year = 2012
}

@article{EARRaspberryPi,
  author   = {Nora Kamarudin and Nur Anida Jumadi and Ng Li Mun and Ng Chun Keat and Audrey Huong Kah Ching and Wan Mahani Hafizah Wan Mahmud and Marlia Morsin and Farhanahani Mahmud},
  title    = {Implementation of Haar Cascade Classifier and Eye Aspect Ratio for Driver Drowsiness Detection Using Raspberry Pi},
  journal  = {Universal Journal of Electrical and Electronic Engineering},
  year     = {2019},
  volume   = {6},
  number   = {5B},
  pages    = {67-75},
}

@online{landmarkSatyaMallick,
  author = {Satya Mallick},
  title = {Facemark: Facial Landmark Detection using OpenCV},
  year = 2018,
  url = {https://learnopencv.com/facemark-facial-landmark-detection-using-opencv/},
  urldate = {2021-09-10}
}

@online{eyeBlinkEARRosebrock,
  author = {Adrian Rosebrock},
  title = {Eye blink detection with OpenCV, Python, and dlib},
  year = {2017},
  url = {https://www.pyimagesearch.com/2017/04/24/eye-blink-detection-opencv-python-dlib/},
  urldate = {2021-09-13}
}

@online{readheadPortrait1,
    author = {Legacy Phtography LLC},
    title = {{Always Bet on Red}},
    url = {https://pl.pinterest.com/pin/169025792249522554/},
    urldate = {2021-09-20}
}

@online{readheadPortrait2,
    author = {Nikolaj},
    title = {2018},
    year = {2013},
    url = {https://www.zastavki.com/eng/Girls/Beautyful_Girls/wallpaper-126539.htm},
    urldate = {2021-09-20}
}