@online{TrackingEye,
    title = {Tracking your eyes with Python},
    url = {https://medium.com/@stepanfilonov/tracking-your-eyes-with-python-3952e66194a6},
    year = {2019},
    author = {Stepan Filonov},
    }
    
@conference{IMECSPupilCDFAnalysis,
  author    = {Mansour Asadifard and Jamshid Shanbezadeh},
  title     = "Automatic Adaptive Center of Pupil Detection Using Face Detection and CDF Analysis",
  booktitle = "Proceedings of the International MultiConference of Engineers and Computer Scientists 2010 Vol I",
  year      = 2010,
  pages     = "March 17 - 19",
  organization = "IMCES",
  address   = "Hong Kong"
}

@manual{EyePupilWebCam,
    author = "Michał Cieśla and Przemysław Kozioł",
    title = "Eye Pupil Location Using Webacam",
    organization = "Wydział Fizyki, Astronomii i Informatyki Stosowanej, Uniwersytet Jagieloński",
    address = "ul. Reymonta 4, 30-059, Kraków, Polska",
    year = 2012
}

@article{EARRaspberryPi,
  author   = {Nora Kamarudin and Nur Anida Jumadi and Ng Li Mun and Ng Chun Keat and Audrey Huong Kah Ching and Wan Mahani Hafizah Wan Mahmud and Marlia Morsin and Farhanahani Mahmud},
  title    = {Implementation of Haar Cascade Classifier and Eye Aspect Ratio for Driver Drowsiness Detection Using Raspberry Pi},
  journal  = {Universal Journal of Electrical and Electronic Engineering},
  year     = {2019},
  volume   = {6},
  number   = {5B},
  pages    = {67-75},
}

@online{landmarkSatyaMallick,
  author = {Satya Mallick},
  title = {Facemark: Facial Landmark Detection using OpenCV},
  year = 2018,
  url = {https://learnopencv.com/facemark-facial-landmark-detection-using-opencv/},
  urldate = {2021-09-10}
}

@online{eyeBlinkEARRosebrock,
  author = {Adrian Rosebrock},
  title = {Eye blink detection with OpenCV, Python, and dlib},
  year = {2017},
  url = {https://www.pyimagesearch.com/2017/04/24/eye-blink-detection-opencv-python-dlib/},
  urldate = {2021-09-13}
}

@online{readheadPortrait1,
    author = {Legacy Phtography LLC},
    title = {{Always Bet on Red}},
    url = {https://pl.pinterest.com/pin/169025792249522554/},
    urldate = {2021-09-20}
}

@online{readheadPortrait2,
    author = {Nikolaj},
    title = {2018},
    year = {2013},
    url = {https://www.zastavki.com/eng/Girls/Beautyful_Girls/wallpaper-126539.htm},
    urldate = {2021-09-20}
}

@article{jia2014caffe,
  Author = {Jia, Yangqing and Shelhamer, Evan and Donahue, Jeff and Karayev, Sergey and Long, Jonathan and Girshick, Ross and Guadarrama, Sergio and Darrell, Trevor},
  Journal = {arXiv preprint arXiv:1408.5093},
  Title = {Caffe: Convolutional Architecture for Fast Feature Embedding},
  Year = {2014}
}

@online{opencv_contirb,
    author = {OpenCV},
    title = {OpenCV-contrib},
    url = {https://github.com/opencv/opencv_contrib},
    urldate = {2021-10-24}
}

@online{young_old_dataset,
    author = {Abhishek Yanamandra},
    title = {Young and Old Images Dataset},
    year = {2019},
    url = {https://www.kaggle.com/abhishekyana/young2old-dataset},
    urldate = {2021-10-18}
}

@online{mrl_eye_dataset,
    author = {Media Research Lab (MRL)},
    title = {MRL Eye Dataset},
    url = {http://mrl.cs.vsb.cz/eyedataset},
    urldate = {2021-10-18}
}
@online{TrackingEye,
    title = {Tracking your eyes with Python},
    url = {https://medium.com/@stepanfilonov/tracking-your-eyes-with-python-3952e66194a6},
    year = {2019},
    author = {Stepan Filonov},
    }
    
@conference{IMECSPupilCDFAnalysis,
  author    = {Mansour Asadifard and Jamshid Shanbezadeh},
  title     = "Automatic Adaptive Center of Pupil Detection Using Face Detection and CDF Analysis",
  booktitle = "Proceedings of the International MultiConference of Engineers and Computer Scientists 2010 Vol I",
  year      = 2010,
  pages     = "March 17 - 19",
  organization = "IMCES",
  address   = "Hong Kong"
}

@manual{EyePupilWebCam,
    author = "Michał Cieśla and Przemysław Kozioł",
    title = "Eye Pupil Location Using Webacam",
    organization = "Wydział Fizyki, Astronomii i Informatyki Stosowanej, Uniwersytet Jagieloński",
    address = "ul. Reymonta 4, 30-059, Kraków, Polska",
    year = 2012
}

@article{EARRaspberryPi,
  author   = {Nora Kamarudin and Nur Anida Jumadi and Ng Li Mun and Ng Chun Keat and Audrey Huong Kah Ching and Wan Mahani Hafizah Wan Mahmud and Marlia Morsin and Farhanahani Mahmud},
  title    = {Implementation of Haar Cascade Classifier and Eye Aspect Ratio for Driver Drowsiness Detection Using Raspberry Pi},
  journal  = {Universal Journal of Electrical and Electronic Engineering},
  year     = {2019},
  volume   = {6},
  number   = {5B},
  pages    = {67-75},
}

@online{landmarkSatyaMallick,
  author = {Satya Mallick},
  title = {Facemark: Facial Landmark Detection using OpenCV},
  year = 2018,
  url = {https://learnopencv.com/facemark-facial-landmark-detection-using-opencv/},
  urldate = {2021-09-10}
}

@online{eyeBlinkEARRosebrock,
  author = {Adrian Rosebrock},
  title = {Eye blink detection with OpenCV, Python, and dlib},
  year = {2017},
  url = {https://www.pyimagesearch.com/2017/04/24/eye-blink-detection-opencv-python-dlib/},
  urldate = {2021-09-13}
}

@online{readheadPortrait1,
    author = {Legacy Phtography LLC},
    title = {{Always Bet on Red}},
    url = {https://pl.pinterest.com/pin/169025792249522554/},
    urldate = {2021-09-20}
}

@online{readheadPortrait2,
    author = {Nikolaj},
    title = {2018},
    year = {2013},
    url = {https://www.zastavki.com/eng/Girls/Beautyful_Girls/wallpaper-126539.htm},
    urldate = {2021-09-20}
}

@article{jia2014caffe,
  Author = {Jia, Yangqing and Shelhamer, Evan and Donahue, Jeff and Karayev, Sergey and Long, Jonathan and Girshick, Ross and Guadarrama, Sergio and Darrell, Trevor},
  Journal = {arXiv preprint arXiv:1408.5093},
  Title = {Caffe: Convolutional Architecture for Fast Feature Embedding},
  Year = {2014}
}

@online{opencv_contirb,
    author = {OpenCV},
    title = {OpenCV-contrib},
    url = {https://github.com/opencv/opencv_contrib},
    urldate = {2021-10-24}
}

@online{young_old_dataset,
    author = {Abhishek Yanamandra},
    title = {Young and Old Images Dataset},
    year = {2019},
    url = {https://www.kaggle.com/abhishekyana/young2old-dataset},
    urldate = {2021-10-18}
}

@online{mrl_eye_dataset,
    author = {Media Research Lab (MRL)},
    title = {MRL Eye Dataset},
    url = {http://mrl.cs.vsb.cz/eyedataset},
    urldate = {2021-10-18}
}

@online{caffemodel_res10,
    author = {Satya Mallick},
    title = {Face Detection comparison - models},
    url = {https://github.com/spmallick/learnopencv/blob/master/FaceDetectionComparison/models/},
    urldate = {2021-10-28}
}










% Artykuł w recenzowanym czasopiśmie.
@article{szczypiorski2015,
    author    = "Szczypiorski, K. and Janicki, A. and Wendzel, S",
    title     = "{T}he {G}ood, {T}he {B}ad {A}nd {T}he {U}gly: {E}valuation of {W}i-{F}i {S}teganography",
    journal   = "Journal of Communications",
    volume    = "10",
    number    = "10",
    pages     = "747--752",
    publisher = "Journal of Communications (JCM)",
    year      = "2015",
}

% Książka.
@book{goossens93,
    author    = "Michel Goossens and Frank Mittelbach and Alexander Samarin",
    title     = "The LaTeX Companion",
    publisher = "Addison-Wesley",
    address   = "Reading, Massachusetts",
    year      = "1993",
}

% Fragment książki (np. zakres stron).
@inbook{wang97,
    author      = "Hao Wang",
    title       = "A Logical Journey: From G{\"o}del to Philosophy.",
    publisher   = "A Bradford Book",
    pages       = "316",
    year        = "1997"
}

% Fragment książki (np. esej), posiadający własny tytuł.
@incollection{goedel95,
    author      = "Kurt G{\"o}del",
    title       = "Texts relating to the ontological proof",
    booktitle   = "Unpublished Essays and Lectures",
    publisher   = "Oxford University Press",
    pages       = "429--437",
    year        = "1995",
}

% Publikacja konferencyjna.
@inproceedings{benzmuller2014,
    author       = "{Ch}. Benzmuller and B. W. Paleo",
    title        = "Automating {G\"o}del’s {O}ntological {P}roof of {G}od’s {E}xistence with {H}igher-order {A}utomated {T}heorem {P}rovers",
    booktitle    = "European	Conference on Artificial Intelligence",
    publisher    = "IOS Press",
    howpublished = "Dostęp zdalny (10.04.2019): \url{http://page.mi.fu-berlin.de/cbenzmueller/papers/C40.pdf}",
    year         = "2014",
}

% Raport techniczny.
@techreport{duqu2011,
    author      = "Bencsáth, B. and Pék, G. and Buttyán, L. and Félegyházi M.",
    title       = "{D}uqu: {A} {S}tuxnet-like malware found in the wild",
    institution = "Laboratory of Cryptography and System Security, Hungary",
    year        = "2011"
}

% Specyfikacja techniczna.
@manual{shs2015,
    title        = "{FIPS} 180-4: {S}ecure {H}ash {S}tandard ({SHS})",
    howpublished = "Dostęp zdalny (13.03.2019): \url{https://nvlpubs.nist.gov/nistpubs/FIPS/NIST.FIPS.180-4.pdf}",
    year         = "2015"
}

% Praca magisterska.
@mastersthesis{wozniak2018,
    author = "Woźniak, Piotr",
    title  = "{P}rogramowanie kwadratowe w usuwaniu efektu rozmycia ruchu w fotografii cyfrowej",
    school  = "Wydział Elektroniki i Technik Informacyjnych, Politechnika Warszawska",
    year   = "2018",
}

% Nieopublikowany artykuł, dostępny np. tylko w internecie.
@unpublished{koons2005,
    author = "Koons, Robert C.",
    title  = "{S}obel on {G\"o}del’s {O}ntological {P}roof",
    note   = "Dostęp zdalny (25.04.2019): \url{http://www.robkoons.net/media/69b0dd04a9d2fc6dffff80b4ffffd524.pdf}",
    year   = "2005"
}

% Źródło innego typu, np. repozytorium na GitHubie.
@misc{dcp19,
    author       = "Brodzki, Artur M.",
    title        = "{I}mplementation of own steganography protocol {DCP}-19, loosely based on {HICCUPS}",
    howpublished = "Dostęp zdalny (14.03.2019): \url{https://github.com/ArturB/DCP-19}",
    year         = "2019"
}
